***********************************************
Foreword
***********************************************

@article{bhattacherjee2012social,
	title={Social science research: Principles, methods, and practices},
	author={Bhattacherjee, Anol},
	year={2012},
	publisher={Global text project}
}

@book{blackstone2012principles,
	title={Principles of sociological inquiry--qualitative and quantitative methods},
	author={Blackstone, Amy},
	year={2012},
	publisher={The Saylor Foundation}
}

@manual{corer2018,
  title = {R: A Language and Environment for Statistical Computing},
  author = {{R Core Team}},
  organization = {R Foundation for Statistical Computing},
  address = {Vienna, Austria},
  year = {2018},
  url = {https://www.R-project.org/},
}

@book{price2015research,
	title={Research methods in psychology},
	author={Price, Paul Christopher and Chiang, I-Chant A and Jhangiani, Rajiv},
	year={2015},
	publisher={BCcampus, BC Open Textbook Project}
}

***********************************************
Chapter 1: Introduction
***********************************************

@online{snopes2005grandma,
	author = {Snopes},
	title = {Grandma's Cooking Secret},
	year = 2005,
	url = {https://www.snopes.com/fact-check/grandmas-cooking-secret/},
	urldate = {2018-12-17}
}

@article{bobbitt2013number,
	title={Number of siblings and friendship nominations among adolescents},
	author={Bobbitt-Zeher, Donna and Downey, Douglas B},
	journal={Journal of Family Issues},
	volume={34},
	number={9},
	pages={1175--1193},
	year={2013},
	publisher={Sage Publications Sage CA: Los Angeles, CA}
}

@book{twain2014following,
	title={Following the Equator:(With Original Illustrations)},
	author={Twain, Mark},
	year={2014},
	publisher={Simon and Schuster}
}

@article{ellwood2000getting,
	title={Who is getting a college education? Family background and the growing gaps in enrollment},
	author={Ellwood, David and Kane, Thomas J and others},
	journal={Securing the future: Investing in children from birth to college},
	pages={283--324},
	year={2000}
}

***********************************************
Chapter 2: Foundations
***********************************************

@book{burrell2017sociological,
	title={Sociological paradigms and organisational analysis: Elements of the sociology of corporate life},
	author={Burrell, Gibson and Morgan, Gareth},
	year={2017},
	publisher={Routledge}
}

@article{bacharach1989organizational,
	title={Organizational theories: Some criteria for evaluation},
	author={Bacharach, Samuel B},
	journal={Academy of management review},
	volume={14},
	number={4},
	pages={496--515},
	year={1989},
	publisher={Academy of Management Briarcliff Manor, NY 10510}
}

@article{marx1971contribution,
	title={Contribution to the Critique of Hegel’s Philosophy of Law},
	author={Marx, Karl},
	journal={Introduction”. Marx and Engels Collected Works},
	volume={3},
	year={1971}
}

@article{whetten1989constitutes,
	title={What constitutes a theoretical contribution?},
	author={Whetten, David A},
	journal={Academy of management review},
	volume={14},
	number={4},
	pages={490--495},
	year={1989},
	publisher={Academy of Management Briarcliff Manor, NY 10510}
}

@article{steinfield1990theory,
	title={The theory imperative},
	author={Steinfield, Charles W and Fulk, Janet},
	journal={Organizations and communication technology},
	pages={13--25},
	year={1990},
	publisher={Sage Newbury Park, CA}
}

@article{markus1987toward,
	title={Toward a “critical mass” theory of interactive media: Universal access, interdependence and diffusion},
	author={Markus, M Lynne},
	journal={Communication research},
	volume={14},
	number={5},
	pages={491--511},
	year={1987},
	publisher={Sage Newbury Park}
}

@article{strauss1994grounded,
	title={Grounded theory methodology},
	author={Strauss, Anselm and Corbin, Juliet},
	journal={Handbook of qualitative research},
	volume={17},
	pages={273--85},
	year={1994}
}

@article{bansal2000companies,
	title={Why companies go green: A model of ecological responsiveness},
	author={Bansal, Pratima and Roth, Kendall},
	journal={Academy of management journal},
	volume={43},
	number={4},
	pages={717--736},
	year={2000},
	publisher={Academy of Management Briarcliff Manor, NY 10510}
}

@article{sharma2000managerial,
	title={Managerial interpretations and organizational context as predictors of corporate choice of environmental strategy},
	author={Sharma, Sanjay},
	journal={Academy of Management journal},
	volume={43},
	number={4},
	pages={681--697},
	year={2000},
	publisher={Academy of Management Briarcliff Manor, NY 10510}
}

@article{sia2009employees,
	title={Employees’ perception of diversity climate: role of psychological contract},
	author={Sia, Surendra Kumar and Bhardwaj, Gopa},
	journal={Journal of the Indian Academy of Applied Psychology},
	volume={35},
	number={2},
	pages={305--312},
	year={2009}
}

@article{eisenhardt2007theory,
	title={Theory building from cases: Opportunities and challenges},
	author={Eisenhardt, Kathleen M and Graebner, Melissa E},
	journal={The Academy of Management Journal},
	volume={50},
	number={1},
	pages={25--32},
	year={2007},
	publisher={JSTOR}
}

@article{parboteeah2009religious,
	title={Religious groups and work values: A focus on Buddhism, Christianity, Hinduism, and Islam},
	author={Parboteeah, K Praveen and Paik, Yongsun and Cullen, John B},
	journal={International Journal of Cross Cultural Management},
	volume={9},
	number={1},
	pages={51--67},
	year={2009},
	publisher={SAGE Publications Sage UK: London, England}
}

@article{hackman1976motivation,
	title={Motivation through the design of work: Test of a theory},
	author={Hackman, J Richard and Oldham, Greg R},
	journal={Organizational behavior and human performance},
	volume={16},
	number={2},
	pages={250--279},
	year={1976},
	publisher={Elsevier}
}

@article{delaney1996impact,
	title={The impact of human resource management practices on perceptions of organizational performance},
	author={Delaney, John T and Huselid, Mark A},
	journal={Academy of Management journal},
	volume={39},
	number={4},
	pages={949--969},
	year={1996},
	publisher={Academy of Management Briarcliff Manor, NY 10510}
}

@article{sherman1984specific,
	title={The specific deterrent effects of arrest for domestic assault},
	author={Sherman, Lawrence W and Berk, Richard A},
	journal={American sociological review},
	pages={261--272},
	year={1984},
	publisher={JSTOR}
}

***********************************************
Chapter 3: Ethics
***********************************************

@online{oxford2018ethics,
	author = {Oxford Living Dictionaries},
	title = {Definition of Ethics},
	year = 2018,
	url = {https://en.oxforddictionaries.com/definition/ethics},
	urldate = {2018-12-18}
}

@article{green2006direct,
	title={Direct-to-consumer advertising and pharmaceutical ethics: The case of Vioxx},
	author={Green, Ronald M},
	journal={Hofstra L. Rev.},
	volume={35},
	pages={749},
	year={2006},
	publisher={HeinOnline}
}

@book{reverby2009examining,
	title={Examining Tuskegee: The infamous syphilis study and its legacy},
	author={Reverby, Susan M},
	year={2009},
	publisher={Univ of North Carolina Press}
}

@article{cummings1992exxon,
	title={The Exxon Valdez Oil Spill and the Confidentiality of Natural Resource Damage Assessment Data},
	author={Cummings, Ann D},
	journal={Ecology LQ},
	volume={19},
	pages={363},
	year={1992},
	publisher={HeinOnline}
}

@book{scarce2016eco,
	title={Eco-warriors: Understanding the radical environmental movement},
	author={Scarce, Rik},
	year={2016},
	publisher={Routledge}
}

@online{hhs2018human,
	author = {U.S. Government Department of Human and Health Services},
	title = {Protection of Human Subjects},
	year = 2018,
	url = {https://www.ecfr.gov/cgi-bin/retrieveECFR?gp=&SID=83cd09e1c0f5c6937cd9d7513160fc3f&pitd=20180719&n=pt45.1.46&r=PART&ty=HTML},
	urldate = {2018-12-18}
}

@inproceedings{riedel2005edward,
	title={Edward Jenner and the history of smallpox and vaccination},
	author={Riedel, Stefan},
	booktitle={Baylor University Medical Center Proceedings},
	volume={18},
	number={1},
	pages={21--25},
	year={2005},
	organization={Taylor \& Francis}
}

@book{faden1986history,
	title={A history and theory of informed consent},
	author={Faden, Ruth R and Beauchamp, Tom L},
	year={1986},
	publisher={Oxford University Press}
}

@article{milgram1963behavioral,
	title={Behavioral study of obedience.},
	author={Milgram, Stanley},
	journal={The Journal of abnormal and social psychology},
	volume={67},
	number={4},
	pages={371},
	year={1963},
	publisher={American Psychological Association}
}

@article{humphreys1970tearoom,
	title={Tearoom trade},
	author={Humphreys, Laud},
	journal={Trans-action},
	volume={7},
	number={3},
	pages={10--25},
	year={1970},
	publisher={Springer}
}

@book{national1978belmont,
	title={The Belmont report: Ethical principles and guidelines for the protection of human subjects of research},
	author={National Commission for the Proptection of Human Subjects of Biomedical and Behavioral Research, Bethesda, Md},
	year={1978},
	publisher={Superintendent of Documents}
}

@online{mra2018standards,
	author = {Marketing Research Association},
	title = {Code of Marketing Research Standards},
	year = 2018,
	url = {https://www.insightsassociation.org/issues-policies/mra-code-marketing-research-standards},
	urldate = {2018-12-18}
}

@article{hill2012target,
	title={How Target figured out a teen girl was pregnant before her father did},
	author={Hill, Kashmir},
	journal={Forbes, Inc},
	year={2012}
}

@article{duhigg2012companies,
	title={How companies learn your secrets},
	author={Duhigg, Charles},
	journal={The New York Times},
	volume={16},
	pages={2012},
	year={2012},
	publisher={The New York Times Company Nova York}
}

***********************************************
Chapter 4: Design
***********************************************

@article{esterberg2002qualitative,
	title={Qualitative methods in social research},
	author={Esterberg, Kristin G},
	year={2002},
	publisher={McGraw-Hill Boston, MA}
}

@article{blee2005racial,
	title={Racial violence in the United States},
	author={Blee, Kathleen M},
	journal={Ethnic and Racial Studies},
	volume={28},
	number={4},
	pages={599--619},
	year={2005},
	publisher={Taylor \& Francis}
}

@article{kirkpatrick2005conservatives,
	title={Conservatives pick soft target: A cartoon sponge},
	author={Kirkpatrick, David D},
	journal={The New York Times},
	volume={20},
	year={2005}
}

@article{lambe2001social,
	title={Social exchange theory and research on business-to-business relational exchange},
	author={Lambe, C Jay and Wittmann, C Michael and Spekman, Robert E},
	journal={Journal of Business-to-Business Marketing},
	volume={8},
	number={3},
	pages={1--36},
	year={2001},
	publisher={Taylor \& Francis}
}

@article{marshall2007families,
	title={Families, food, and pester power: beyond the blame game?},
	author={Marshall, David and O'Donohoe, Stephanie and Kline, Stephen},
	journal={Journal of Consumer Behaviour: An International Research Review},
	volume={6},
	number={4},
	pages={164--181},
	year={2007},
	publisher={Wiley Online Library}
}

@article{sullivan2014food,
	title={From food desert to food mirage: Race, social class, and food shopping in a gentrifying neighborhood},
	author={Sullivan, Daniel Monroe},
	journal={Advances in Applied Sociology},
	year={2014}
}

@article{bridge2001microgeographies,
	title={Microgeographies of retailing and gentrification},
	author={Bridge, Gary and Dowling, Robyn},
	journal={Australian Geographer},
	volume={32},
	number={1},
	pages={93--107},
	year={2001},
	publisher={Taylor \& Francis}
}

@article{ponterotto2005qualitative,
	title={Qualitative research in counseling psychology: A primer on research paradigms and philosophy of science.},
	author={Ponterotto, Joseph G},
	journal={Journal of counseling psychology},
	volume={52},
	number={2},
	pages={126},
	year={2005},
	publisher={American Psychological Association}
}

@article{bright2000role,
	title={The role of social marketing in leisure and recreation management},
	author={Bright, Alan D},
	journal={Journal of leisure research},
	volume={32},
	number={1},
	pages={12--17},
	year={2000},
	publisher={Taylor \& Francis}
}

@article{kotler1989social,
	title={Social marketing. Strategies for changing public behavior.},
	author={Kotler, Philip and Roberto, Eduardo L},
	year={1989},
	publisher={New York New York Free Press 1989.}
}

@article{yusuf1995critical,
	title={Critical success factors for small business: Perceptions of South Pacific entrepreneurs},
	author={Yusuf, Attahir},
	journal={Journal of small business management},
	volume={33},
	number={2},
	pages={68},
	year={1995},
	publisher={International Council for Small Business}
}

@article{huck1991competencies,
	title={Competencies needed for small business success: perceptions},
	author={Huck, John F and McEwen, Thaddeus},
	journal={Journal of Small Business Management},
	volume={29},
	number={4},
	pages={90},
	year={1991},
	publisher={International Council for Small Business}
}

@article{hechavarria2009cultural,
	title={Cultural norms \& business start-ups: the impact of national values on opportunity and necessity entrepreneurs},
	author={Hechavarria, Diana M and Reynolds, Paul D},
	journal={International Entrepreneurship and Management Journal},
	volume={5},
	number={4},
	pages={417},
	year={2009},
	publisher={Springer}
}

@article{schuler1998understanding,
	title={Understanding compensation practice variations across firms: The impact of national culture},
	author={Schuler, Randall S and Rogovsky, Nikolai},
	journal={Journal of International Business Studies},
	volume={29},
	number={1},
	pages={159--177},
	year={1998},
	publisher={Springer}
}

@article{kuruvilla2008economic,
	title={Economic development strategies and macro-and micro-level human resource policies: The case of India's “outsourcing” industry},
	author={Kuruvilla, Sarosh and Ranganathan, Aruna},
	journal={ILR Review},
	volume={62},
	number={1},
	pages={39--72},
	year={2008},
	publisher={SAGE Publications Sage CA: Los Angeles, CA}
}

@book{brewer1989multimethod,
	title={Multimethod research: a synthesis of styles.},
	author={Brewer, John and Hunter, Albert},
	year={1989},
	publisher={Sage Publications, Inc}
}

@article{teddlie2006general,
	title={A general typology of research designs featuring mixed methods},
	author={Teddlie, Charles and Tashakkori, Abbas},
	journal={Research in the Schools},
	volume={13},
	number={1},
	pages={12--28},
	year={2006}
}

***********************************************
Chapter 5: Measuring
***********************************************

@book{denison1990corporate,
	title={Corporate culture and organizational effectiveness.},
	author={Denison, Daniel R},
	year={1990},
	publisher={John Wiley \& Sons}
}

@techreport{hughes2006evidence,
	title={Evidence of a shift in the short-run price elasticity of gasoline demand},
	author={Hughes, Jonathan E and Knittel, Christopher R and Sperling, Daniel},
	year={2006},
	institution={National Bureau of Economic Research}
}

@book{hom1995employee,
	title={Employee turnover},
	author={Hom, Peter W and Griffeth, Rodger W},
	year={1995},
	publisher={South-Western Pub}
}

@incollection{akerlof1978market,
	title={The market for “lemons”: Quality uncertainty and the market mechanism},
	author={Akerlof, George A},
	booktitle={Uncertainty in Economics},
	pages={235--251},
	year={1978},
	publisher={Elsevier}
}

@book{kaplan2017conduct,
	title={The conduct of inquiry: Methodology for behavioural science},
	author={Kaplan, Abraham},
	year={2017},
	publisher={Routledge}
}

@misc{george1996image,
	title={The image of man},
	author={George, Moose},
	year={1996},
	publisher={New York/Oxford}
}

@article{drost2011validity,
	title={Validity and reliability in social science research},
	author={Drost, Ellen A and others},
	journal={Education Research and perspectives},
	volume={38},
	number={1},
	pages={105},
	year={2011},
	publisher={University of Western Australia, Department of Education}
}

@article{shinebourne2009using,
	title={Using Q method in qualitative research},
	author={Shinebourne, Pnina},
	journal={International Journal of Qualitative Methods},
	volume={8},
	number={1},
	pages={93--97},
	year={2009},
	publisher={SAGE Publications Sage CA: Los Angeles, CA}
}

@book{reich2016saving,
	title={Saving capitalism: For the many, not the few},
	author={Reich, Robert B},
	year={2016},
	publisher={Vintage}
}


***********************************************
Chapter 6: Data
***********************************************

@article{stevens1946theory,
	title={On the theory of scales of measurement},
	author={Stevens, Stanley Smith and others},
	year={1946},
	publisher={Bobbs-Merrill, College Division}
}

@article{thurstone1925method,
	title={A method of scaling psychological and educational tests.},
	author={Thurstone, Louis L},
	journal={Journal of educational psychology},
	volume={16},
	number={7},
	pages={433},
	year={1925},
	publisher={Warwick \& York}
}

@online{cnn2016election,
	author = {CNN Politics},
	title = {Election 2016},
	year = 2016,
	url = {https://www.cnn.com/election/2016/results/exit-polls},
	urldate = {2018-12-23}
}

@inproceedings{gluck2016short,
	title={How short is too short? Implications of length and framing on the effectiveness of privacy notices},
	author={Gluck, Joshua and Schaub, Florian and Friedman, Amy and Habib, Hana and Sadeh, Norman and Cranor, Lorrie Faith and Agarwal, Yuvraj},
	booktitle={12th Symposium on Usable Privacy and Security (SOUPS)},
	pages={321--340},
	year={2016}
}

@article{raval2012data,
	title={Data Mining Techniques},
	author={Raval, Kalyani M},
	journal={International Journal of Advanced Research in Computer Science and Software Engineering},
	volume={2},
	number={10},
	year={2012},
	publisher={Citeseer}
}

@article{titlebaum2016perceived,
	title={Perceived motivations for corporate suite ownership in the'big four'leagues},
	author={Titlebaum, Peter and Lawrence, Heather},
	year={2016}
}

@article{vogel2011understanding,
	title={Understanding bike-sharing systems using data mining: Exploring activity patterns},
	author={Vogel, Patrick and Greiser, Torsten and Mattfeld, Dirk Christian},
	journal={Procedia-Social and Behavioral Sciences},
	volume={20},
	pages={514--523},
	year={2011},
	publisher={Elsevier}
}

@article{de2016transit,
	title={Transit service quality analysis using cluster analysis and decision trees: a step forward to personalized marketing in public transportation},
	author={de O{\~n}a, Juan and de O{\~n}a, Roc{\'\i}o and L{\'o}pez, Griselda},
	journal={Transportation},
	volume={43},
	number={5},
	pages={725--747},
	year={2016},
	publisher={Springer}
}

@article{musalem2018market,
	title={Market basket analysis insights to support category management},
	author={Musalem, Andres and Aburto, Luis and Bosch, Maximo},
	journal={European Journal of Marketing},
	year={2018},
	publisher={Emerald Publishing Limited}
}

***********************************************
Chapter 7: Sampling
***********************************************

@article{israel1992determining,
	title={Determining sample size},
	author={Israel, Glenn D},
	year={1992},
	publisher={University of Florida Cooperative Extension Service, Institute of Food and Agriculture Sciences, EDIS Gainesville}
}

@article{arnett2008neglected,
	title={The neglected 95\%: why American psychology needs to become less American.},
	author={Arnett, Jeffrey J},
	journal={American Psychologist},
	volume={63},
	number={7},
	pages={602},
	year={2008},
	publisher={American Psychological Association}
}

@article{henrich2010most,
	title={Most people are not WEIRD},
	author={Henrich, Joseph and Heine, Steven J and Norenzayan, Ara},
	journal={Nature},
	volume={466},
	number={7302},
	pages={29},
	year={2010},
	publisher={Nature Publishing Group}
}

@article{keeter2008calling,
	title={Calling cell phones in’08 pre-election polls},
	author={Keeter, Scott and Dimock, Michael and Christian, Leah},
	journal={The Pew Research Center for the People \& the Press. Retrieved December},
	volume={18},
	pages={2008},
	year={2008}
}

***********************************************
Chapter 8: Surveys
***********************************************

@article{dutra2014electronic,
	title={Electronic cigarettes and conventional cigarette use among US adolescents: a cross-sectional study},
	author={Dutra, Lauren M and Glantz, Stanton A},
	journal={JAMA pediatrics},
	volume={168},
	number={7},
	pages={610--617},
	year={2014},
	publisher={American Medical Association}
}

@article{jorgensen2016does,
	title={Does employee participation in workplace health promotion depend on the working environment? A cross-sectional study of Danish workers},
	author={J{\o}rgensen, Marie Birk and Villadsen, Ebbe and Burr, Hermann and Punnett, Laura and Holtermann, Andreas},
	journal={BMJ open},
	volume={6},
	number={6},
	pages={e010516},
	year={2016},
	publisher={British Medical Journal Publishing Group}
}

@article{dobrow2015time,
	title={Time and job satisfaction: A longitudinal study of the differential roles of age and tenure},
	author={Dobrow Riza, Shoshana and Ganzach, Yoav and Liu, Yihao},
	journal={Journal of management},
	pages={0149206315624962},
	year={2015},
	publisher={SAGE Publications Sage CA: Los Angeles, CA}
}

@online{uminn2018youth,
	author = {University of Minnesota},
	title = {Youth Development Study},
	year = 2018,
	url = {https://cla.umn.edu/sociology/graduate/collaboration-opportunities/youth-development-study},
	urldate = {2018-12-26}
}

@article{huhtala2016perceived,
	title={How perceived changes in the ethical culture of organizations influence the well-being of managers: A two-year longitudinal study},
	author={Huhtala, Mari and Kaptein, Muel and Feldt, Taru},
	journal={European Journal of Work and Organizational Psychology},
	volume={25},
	number={3},
	pages={335--352},
	year={2016},
	publisher={Taylor \& Francis}
}

@article{percheski2008opting,
	title={Opting out? Cohort differences in professional women's employment rates from 1960 to 2005},
	author={Percheski, Christine},
	journal={American sociological review},
	volume={73},
	number={3},
	pages={497--517},
	year={2008},
	publisher={Sage Publications Sage CA: Los Angeles, CA}
}

@article{wright2015examining,
	title={Examining social and emerging media use in public relations practice: A ten-year longitudinal analysis},
	author={Wright, Donald K and Hinson, Michelle Drifka},
	journal={Public relations journal},
	volume={9},
	number={2},
	pages={1--26},
	year={2015}
}

@article{babbie2010unobtrusive,
	title={Unobtrusive research},
	author={Babbie, Earl and Wagenaar, T},
	journal={The practice of social research},
	volume={320},
	year={2010}
}

@book{dillman2011mail,
	title={Mail and Internet surveys: The tailored design method--2007 Update with new Internet, visual, and mixed-mode guide},
	author={Dillman, Don A},
	year={2011},
	publisher={John Wiley \& Sons}
}

@article{rindfuss2015low,
	title={Do low survey response rates bias results? Evidence from Japan},
	author={Rindfuss, Ronald R and Choe, Minja K and Tsuya, Noriko O and Bumpass, Larry L and Tamaki, Emi},
	journal={Demographic Research},
	volume={32},
	pages={797--828},
	year={2015},
	publisher={JSTOR}
}

@article{wright2015empirical,
	title={An empirical examination of the relationship between nonresponse rate and nonresponse bias},
	author={Wright, Graham},
	journal={Statistical Journal of the IAOS},
	volume={31},
	number={2},
	pages={305--315},
	year={2015},
	publisher={IOS Press}
}

@article{richards2018practical,
	title={A practical guide to collaborative qualitative data analysis},
	author={Richards, K Andrew R and Hemphill, Michael A},
	journal={Journal of Teaching in Physical Education},
	volume={37},
	number={2},
	pages={225--231},
	year={2018},
	publisher={Human Kinetics Champaign, Illinois, USA}
}

@article{morgan1996focus,
	title={Focus groups},
	author={Morgan, David L},
	journal={Annual review of sociology},
	volume={22},
	number={1},
	pages={129--152},
	year={1996},
	publisher={Annual Reviews: Palo Alto, CA}
}

@article{gallopel2011use,
	title={The use of visual warnings in social marketing: The case of tobacco},
	author={Gallopel-Morvan, Karine and Gabriel, Patrick and Le Gall-Ely, Marine and Rieunier, Sophie and Urien, Bertrand},
	journal={Journal of Business Research},
	volume={64},
	number={1},
	pages={7--11},
	year={2011},
	publisher={Elsevier}
}

@article{wutich2010comparing,
	title={Comparing focus group and individual responses on sensitive topics: a study of water decision makers in a desert city},
	author={Wutich, Amber and Lant, Timothy and White, Dave D and Larson, Kelli L and Gartin, Meredith},
	journal={Field Methods},
	volume={22},
	number={1},
	pages={88--110},
	year={2010},
	publisher={SAGE Publications Sage CA: Los Angeles, CA}
}

@article{merton1946focused,
	title={The focused interview},
	author={Merton, Robert K and Kendall, Patricia L},
	journal={American journal of Sociology},
	volume={51},
	number={6},
	pages={541--557},
	year={1946},
	publisher={University of Chicago Press}
}

***********************************************
Chapter 09: Experimental
***********************************************





***********************************************
Chapter 10: Interviews
***********************************************

@article{kimmel2008perilous,
	title={The perilous world where boys become men},
	author={Kimmel, Michael S Guyland},
	journal={HarperCollins},
	year={2008}
}

@article{lofland1995analytic,
	title={Analytic ethnography: Features, failings, and futures},
	author={Lofland, John},
	journal={Journal of contemporary ethnography},
	volume={24},
	number={1},
	pages={30--67},
	year={1995},
	publisher={SAGE Periodicals Press}
}

@article{buchanan2010efficacy,
	title={The efficacy of utilising Nvivo for interview data from the electronic gaming industry in two jurisdictions},
	author={Buchanan, June and Jones, Michael L},
	year={2010}
}

@article{anyan2013influence,
	title={The Influence of Power Shifts in Data Collection and Analysis Stages: A Focus on Qualitative Research Interview.},
	author={Anyan, Frederick},
	journal={Qualitative Report},
	volume={18},
	pages={36},
	year={2013},
	publisher={ERIC}
}

***********************************************
Chapter 11: Field
***********************************************




***********************************************
Chapter 12: Unobtrusive
***********************************************




***********************************************
Chapter 13: Interpretive
***********************************************





***********************************************
Chapter 14: Mixed
***********************************************




***********************************************
Chapter 15: Presenting
***********************************************




***********************************************
Unused
***********************************************




>>>>>>> master
